%semantic kitti
@inproceedings{behley2019iccv,
  author = {J. Behley and M. Garbade and A. Milioto and J. Quenzel and S. Behnke and C. Stachniss and J. Gall},
  title = {{SemanticKITTI: A Dataset for Semantic Scene Understanding of LiDAR Sequences}},
  booktitle = {Proc. of the IEEE/CVF International Conf.~on Computer Vision (ICCV)},
  year = {2019}
}
%kitti
@inproceedings{geiger2012cvpr,
  author = {A. Geiger and P. Lenz and R. Urtasun},
  title = {{Are we ready for Autonomous Driving? The KITTI Vision Benchmark Suite}},
  booktitle = {Proc.~of the IEEE Conf.~on Computer Vision and Pattern Recognition (CVPR)},
  pages = {3354--3361},
  year = {2012}
}
%lyft
@misc{lyft2019,
title = {Lyft Level 5 Perception Dataset 2020},
author = {Kesten, R. and Usman, M. and Houston, J. and Pandya, T. and Nadhamuni, K. and Ferreira, A. and Yuan, M. and Low, B. and Jain, A. and Ondruska, P. and Omari, S. and Shah, S. and Kulkarni, A. and Kazakova, A. and Tao, C. and Platinsky, L. and Jiang, W. and Shet, V.},
year = {2019},
howpublished = {\url{https://level5.lyft.com/dataset/}}
}

@inproceedings{spectralclustering,
author = {Ng, Andrew Y. and Jordan, Michael I. and Weiss, Yair},
title = {On Spectral Clustering: Analysis and an Algorithm},
year = {2001},
publisher = {MIT Press},
address = {Cambridge, MA, USA},
booktitle = {Proceedings of the 14th International Conference on Neural Information Processing Systems: Natural and Synthetic},
pages = {849–856},
numpages = {8},
location = {Vancouver, British Columbia, Canada},
series = {NIPS'01}
}

@techreport{pagerank,
          number = {1999-66},
           month = {November},
          author = {Lawrence Page and Sergey Brin and Rajeev Motwani and Terry Winograd},
            note = {Previous number = SIDL-WP-1999-0120},
           title = {The PageRank Citation Ranking: Bringing Order to the Web.},
            type = {Technical Report},
       publisher = {Stanford InfoLab},
            year = {1999},
     institution = {Stanford InfoLab},
}

@misc{hu2020randlanet,
      title={RandLA-Net: Efficient Semantic Segmentation of Large-Scale Point Clouds}, 
      author={Qingyong Hu and Bo Yang and Linhai Xie and Stefano Rosa and Yulan Guo and Zhihua Wang and Niki Trigoni and Andrew Markham},
      journal = {CVPR 2020, Oral & IEEE TPAMI 2021},
      year={2020},
      eprint={1911.11236},
      archivePrefix={arXiv},
      primaryClass={cs.CV}
}

@inproceedings{bengio2009curriculum,
author = {Bengio, Yoshua and Louradour, J\'{e}r\^{o}me and Collobert, Ronan and Weston, Jason},
title = {Curriculum Learning},
year = {2009},
isbn = {9781605585161},
publisher = {Association for Computing Machinery},
address = {New York, NY, USA},
booktitle = {Proceedings of the 26th Annual International Conference on Machine Learning},
pages = {41–48},
numpages = {8},
location = {Montreal, Quebec, Canada},
series = {ICML '09}
}

@article{gao2020hungry,
  title={Are We Hungry for 3D LiDAR Data for Semantic Segmentation?},
  author={Gao, Biao and Pan, Yancheng and Li, Chengkun and Geng, Sibo and Zhao, Huijing},
  journal={ArXiv abs/2006.04307},
  volume={3},
  pages={20},
  year={2020}
}

@ARTICLE{reviewSS,
  author={Li, Ying and Ma, Lingfei and Zhong, Zilong and Liu, Fei and Chapman, Michael A. and Cao, Dongpu and Li, Jonathan},
  journal={IEEE Transactions on Neural Networks and Learning Systems}, 
  title={Deep Learning for LiDAR Point Clouds in Autonomous Driving: A Review}, 
  year={2021},
  volume={32},
  number={8},
  pages={3412-3432},
  doi={10.1109/TNNLS.2020.3015992}}
  
@article{sceneunderstanding,
  title={What do we learn by semantic scene understanding for remote sensing imagery in CNN framework?},
  author={Li, Haifeng and Peng, Jian and Tao, Chao and Chen, Jie and Deng, Min},
  journal={arXiv preprint arXiv:1705.07077},
  year={2017}
}

@article{cv1,
  title={Image segmentation using deep learning: A survey},
  author={Minaee, Shervin and Boykov, Yuri Y and Porikli, Fatih and Plaza, Antonio J and Kehtarnavaz, Nasser and Terzopoulos, Demetri},
  journal={IEEE Transactions on Pattern Analysis and Machine Intelligence},
  year={2021},
  publisher={IEEE}
}

@article{cv2,
  title={A review on deep learning techniques applied to semantic segmentation},
  author={Garcia-Garcia, Alberto and Orts-Escolano, Sergio and Oprea, Sergiu and Villena-Martinez, Victor and Garcia-Rodriguez, Jose},
  journal={arXiv preprint arXiv:1704.06857},
  year={2017}
}

@inproceedings{ronneberger2015unet,
  title={U-Net: Convolutional Networks for Biomedical Image Segmentation},
  author={O. Ronneberger and P. Fischer and T. Brox},
  booktitle={MICCAI},
  year={2015}
}

@incollection{drozdzal2016importance,
  title={The importance of skip connections in biomedical image segmentation},
  author={Drozdzal, Michal and Vorontsov, Eugene and Chartrand, Gabriel and Kadoury, Samuel and Pal, Chris},
  booktitle={Deep learning and data labeling for medical applications},
  pages={179--187},
  year={2016},
  publisher={Springer}
}

@article{Everingham2009ThePV,
  title={The Pascal Visual Object Classes (VOC) Challenge},
  author={M. Everingham and L. Gool and Christopher K. I. Williams and J. Winn and Andrew Zisserman},
  journal={International Journal of Computer Vision},
  year={2009},
  volume={88},
  pages={303-338}
}

@inproceedings{lin2015microsoft,
  title={Microsoft coco: Common objects in context},
  author={Lin, Tsung-Yi and Maire, Michael and Belongie, Serge and Hays, James and Perona, Pietro and Ramanan, Deva and Doll{\'a}r, Piotr and Zitnick, C Lawrence},
  booktitle={European conference on computer vision},
  pages={740--755},
  year={2014},
  organization={Springer}
}

@inproceedings{cordts2016cityscapes,
  title={The cityscapes dataset for semantic urban scene understanding},
  author={Cordts, Marius and Omran, Mohamed and Ramos, Sebastian and Rehfeld, Timo and Enzweiler, Markus and Benenson, Rodrigo and Franke, Uwe and Roth, Stefan and Schiele, Bernt},
  booktitle={Proceedings of the IEEE conference on computer vision and pattern recognition},
  pages={3213--3223},
  year={2016}
}

@inproceedings{alexnet,
 author = {Krizhevsky, Alex and Sutskever, Ilya and Hinton, Geoffrey E},
 booktitle = {Advances in Neural Information Processing Systems},
 editor = {F. Pereira and C. J. C. Burges and L. Bottou and K. Q. Weinberger},
 pages = {},
 publisher = {Curran Associates, Inc.},
 title = {ImageNet Classification with Deep Convolutional Neural Networks},
 url = {https://proceedings.neurips.cc/paper/2012/file/c399862d3b9d6b76c8436e924a68c45b-Paper.pdf},
 volume = {25},
 year = {2012}
}

@article{simonyan2015deep,
  title={Very deep convolutional networks for large-scale image recognition},
  author={Simonyan, Karen and Zisserman, Andrew},
  journal={arXiv preprint arXiv:1409.1556},
  year={2014}
}

@inproceedings{szegedy2014going,
  title={Going deeper with convolutions},
  author={Szegedy, Christian and Liu, Wei and Jia, Yangqing and Sermanet, Pierre and Reed, Scott and Anguelov, Dragomir and Erhan, Dumitru and Vanhoucke, Vincent and Rabinovich, Andrew},
  booktitle={Proceedings of the IEEE conference on computer vision and pattern recognition},
  pages={1--9},
  year={2015}
}

@inproceedings{he2015deep,
  title={Deep residual learning for image recognition},
  author={He, Kaiming and Zhang, Xiangyu and Ren, Shaoqing and Sun, Jian},
  booktitle={Proceedings of the IEEE conference on computer vision and pattern recognition},
  pages={770--778},
  year={2016}
}

@inproceedings{qi2017pointnet,
  title={Pointnet: Deep learning on point sets for 3d classification and segmentation},
  author={Qi, Charles R and Su, Hao and Mo, Kaichun and Guibas, Leonidas J},
  booktitle={Proceedings of the IEEE conference on computer vision and pattern recognition},
  pages={652--660},
  year={2017}
}

@article{qi2017pointnetpp,
  title={Pointnet++: Deep hierarchical feature learning on point sets in a metric space},
  author={Qi, Charles R and Yi, Li and Su, Hao and Guibas, Leonidas J},
  journal={arXiv preprint arXiv:1706.02413},
  year={2017}
}

@article{fan2019pointrnn,
  title={PointRNN: Point recurrent neural network for moving point cloud processing},
  author={Fan, Hehe and Yang, Yi},
  journal={arXiv preprint arXiv:1910.08287},
  year={2019}
}

@inproceedings{chen2019fast,
  title={Fast point r-cnn},
  author={Chen, Yilun and Liu, Shu and Shen, Xiaoyong and Jia, Jiaya},
  booktitle={Proceedings of the IEEE/CVF International Conference on Computer Vision},
  pages={9775--9784},
  year={2019}
}

@article{wang2019dynamic,
  title={Dynamic graph cnn for learning on point clouds},
  author={Wang, Yue and Sun, Yongbin and Liu, Ziwei and Sarma, Sanjay E and Bronstein, Michael M and Solomon, Justin M},
  journal={Acm Transactions On Graphics (tog)},
  volume={38},
  number={5},
  pages={1--12},
  year={2019},
  publisher={ACM New York, NY, USA}
}


@misc{stanfordbunny,
author = {Greg Turk},
title = {The Stanford Bunny},
year = {2000}
}

@article{hackel2017semantic3dnet,
  title={Semantic3d. net: A new large-scale point cloud classification benchmark},
  author={Hackel, Timo and Savinov, Nikolay and Ladicky, Lubor and Wegner, Jan D and Schindler, Konrad and Pollefeys, Marc},
  journal={arXiv preprint arXiv:1704.03847},
  year={2017}
}

@inproceedings{roynard2018parislille3d,
  author={Roynard, Xavier and Deschaud, Jean-Emmanuel and Goulette, François},
  booktitle={2018 IEEE/CVF Conference on Computer Vision and Pattern Recognition Workshops (CVPRW)}, 
  title={Paris-Lille-3D: A Point Cloud Dataset for Urban Scene Segmentation and Classification}, 
  year={2018},
  pages={2108-21083},
  doi={10.1109/CVPRW.2018.00272}
}

@inproceedings{chen2020simple,
  title={A simple framework for contrastive learning of visual representations},
  author={Chen, Ting and Kornblith, Simon and Norouzi, Mohammad and Hinton, Geoffrey},
  booktitle={International conference on machine learning},
  pages={1597--1607},
  year={2020},
  organization={PMLR}
}

@article{stretcu2021coarsetofine,
  title={Coarse-to-Fine Curriculum Learning},
  author={Stretcu, Otilia and Platanios, Emmanouil Antonios and Mitchell, Tom M and P{\'o}czos, Barnab{\'a}s},
  journal={arXiv preprint arXiv:2106.04072},
  year={2021}
}

@article{ren2018generalized,
  title={Generalized Coarse-to-Fine Visual Recognition with Progressive Training},
  author={Ren, Xutong and Xie, Lingxi and Wei, Chen and Qiao, Siyuan and Su, Chi and Liu, Jiaying and Tian, Qi and Fishman, Elliot K and Yuille, Alan L},
  journal={arXiv preprint arXiv:1811.12047},
  year={2018}
}

@inproceedings{michieli2020gmnet,
  title={Gmnet: Graph matching network for large scale part semantic segmentation in the wild},
  author={Michieli, Umberto and Borsato, Edoardo and Rossi, Luca and Zanuttigh, Pietro},
  booktitle={European Conference on Computer Vision},
  pages={397--414},
  year={2020},
  organization={Springer}
}